<collection xmlns="http://www.loc.gov/MARC21/slim">
<record>
  <leader>00952nam0a22002411i 450 </leader>
  <controlfield tag="001">IT\ICCU\CNCE\035393</controlfield>
  <controlfield tag="005">20080522000000.0</controlfield>
  <datafield tag="012" ind1=" " ind2=" ">
    <subfield code="a">3418 27um leia te** (3) 1579 (R)</subfield>
    <subfield code="2">fei</subfield>
  </datafield>
  <datafield tag="100" ind1=" " ind2=" ">
    <subfield code="a">19980112d1579        0itac0103    ba</subfield>
  </datafield>
  <datafield tag="101" ind1=" " ind2=" ">
    <subfield code="a">LAT</subfield>
    <subfield code="a">GRC</subfield>
  </datafield>
  <datafield tag="102" ind1=" " ind2=" ">
    <subfield code="a">IT</subfield>
  </datafield>
  <datafield tag="200" ind1="1" ind2=" ">
    <subfield code="a">℗Auli Gelli .... ℗Noctes Atticae. Nunc denuo ... integritati restitutae</subfield>
  </datafield>
  <datafield tag="210" ind1=" " ind2=" ">
    <subfield code="a">Venetiis</subfield>
    <subfield code="c">apud Io. Gryphium</subfield>
    <subfield code="d">1579</subfield>
  </datafield>
  <datafield tag="215" ind1=" " ind2=" ">
    <subfield code="a">591, \48! p.</subfield>
    <subfield code="d">8ʻ</subfield>
  </datafield>
  <datafield tag="300" ind1=" " ind2=" ">
    <subfield code="a">E&apos; la 20613</subfield>
  </datafield>
  <datafield tag="620" ind1=" " ind2=" ">
    <subfield code="a">IT</subfield>
    <subfield code="d">Venezia</subfield>
  </datafield>
  <datafield tag="700" ind1=" " ind2="1">
    <subfield code="a">Gellius,</subfield>
    <subfield code="b">Aulus</subfield>
    <subfield code="3">IT\ICCU\CNCA\005928</subfield>
  </datafield>
  <datafield tag="712" ind1="0" ind2="0">
    <subfield code="a">Griffio, Giovanni</subfield>
    <subfield code="c"> &lt;2.&gt;</subfield>
    <subfield code="3">IT\ICCU\CNCT\000552</subfield>
    <subfield code="4">650</subfield>
  </datafield>
  <datafield tag="790" ind1=" " ind2="1">
    <subfield code="a">Gellio,</subfield>
    <subfield code="b">Aulo</subfield>
    <subfield code="3">IT\ICCU\CNCA\019156</subfield>
    <subfield code="z">Gellius, Aulus</subfield>
  </datafield>
  <datafield tag="791" ind1="0" ind2="0">
    <subfield code="a">Gryphius, Ioannes</subfield>
    <subfield code="c"> &lt;2.&gt;</subfield>
    <subfield code="3">IT\ICCU\CNCT\003896</subfield>
    <subfield code="z">Griffio, Giovanni &lt;2.&gt;</subfield>
  </datafield>
  <datafield tag="791" ind1="0" ind2="0">
    <subfield code="a">Grifi, Giovanni</subfield>
    <subfield code="c"> &lt;2&gt;</subfield>
    <subfield code="3">IT\ICCU\CNCT\005188</subfield>
    <subfield code="z">Griffio, Giovanni &lt;2.&gt;</subfield>
  </datafield>
  <datafield tag="801" ind1=" " ind2="3">
    <subfield code="a">IT</subfield>
    <subfield code="b">ICCU</subfield>
    <subfield code="c">20201114</subfield>
  </datafield>
  <datafield tag="899" ind1=" " ind2=" ">
    <subfield code="a">Biblioteca del Seminario metropolitano L. A. Muratori. Modena</subfield>
    <subfield code="1">MO0054</subfield>
    <subfield code="2">PBE 09</subfield>
  </datafield>
</record>
</collection>
